@techreport{hds3,
title = {Design Charts for Open-Channel Flow},
author = {FHWA},
institution = {FHWA},
year = {1961}
}

@techreport{hds4,
title = {Introduction to Hightway Hydraulics, 4th Ed.},
author = {James D. Schall, Everett V. Richardson and Johnny L. Morris },
institution = {FHWA},
number={FHWA-NHI-08-090(HDS-4)},
year = {2008}
}

@book{French1985,
title = {Open-Channel Hydraulics},
author = {Richard H. French},
publisher = {McGraw-Hill},
address={New York, NY},
year = {1985}
}

@book{Chow1959,
title = {Open-Channel Hydraulics},
author = {Ven Te Chow},
publisher = {McGraw-Hill},
address={New York, NY},
year = {1985}
}

@book{Strang1991,
title = {Calculus},
author = {Gilbert Strang},
publisher = {Wellesley-Cambridge Press},
address={Wellesley, MA},
year = {1985}
}

@book{Munson2013,
title = {Fundamentals of Fluid Mechanics},
author = {Bruce R. Munson and Theodore H. Okiishi and Wade W. Huebsch and Alric P. Rothmayer},
publisher = {Wiley},
edition = {7},
year = {2012}
}
